39900000         276659820000151051462              00000 0000000000000 APC PIBIC                     HSBC BANK BRASIL S.A.                   12202201611420700000002001600CPGY2K SFW 10.10                                                     
39900011C3001020 276659820000151090565              00000 0000000000000 APC PIBIC                                                                                                                                   00000000                    
3990002300001A000   39901913 0000000000000 ALEXANDRE DUARTE GOMES        02501603990001      22022016R$                  0000000005000N                                                                                              0          
3990003300002B   100011252586914                                                                                                                                                                                                                
3990004300003A000   39901913 0000000000000 ALINE HIBER PINHEIRO          02501603990003      22022016R$                  0000000005000N                                                                                              0          
3990005300004B   100008743159990                                                                                                                                                                                                                
3990006300005A000   39901748 0000000000000 AMANDA GABRIELY LADIKA DE OLIV02501603990005      22022016R$                  0000000005000N                                                                                              0          
3990007300006B   100011860520901                                                                                                                                                                                                                
3990008300007A000   39900066 0000000000000 ANA JULIA FERMINO             02501603990007      22022016R$                  0000000005000N                                                                                              0          
3990009300008B   100008368164982                                                                                                                                                                                                                
3990010300009A000   39901913 0000000000000 CLAYTON SANTIAGO PIRES        02501603990009      22022016R$                  0000000005000N                                                                                              0          
3990011300010B   100011957493925                                                                                                                                                                                                                
3990012300011A000   39900026 0000000000000 DANIELE CORREA TEIXEIRA       02501603990011      22022016R$                  0000000005000N                                                                                              0          
3990013300012B   100010371213924                                                                                                                                                                                                                
3990014300013A000   39900021 0000000000000 DEBORA LORENA D´AGOSTIN       02501603990013      22022016R$                  0000000005000N                                                                                              0          
3990015300014B   100001282006932                                                                                                                                                                                                                
3990016300015A000   39901748 0000000000000 DOUGLAS FELIPE DAL BELLO      02501603990015      22022016R$                  0000000005000N                                                                                              0          
3990017300016B   100010816741999                                                                                                                                                                                                                
3990018300017A000   39900021 0000000000000 EDUARDA VENTURINI CAMARA      02501603990017      22022016R$                  0000000005000N                                                                                              0          
3990019300018B   100010278321992                                                                                                                                                                                                                
3990020300019A000   39901913 0000000000000 EMANUEL PEREIRA PIRES         02501603990019      22022016R$                  0000000005000N                                                                                              0          
3990021300020B   100011411160908                                                                                                                                                                                                                
3990022300021A000   39901748 0000000000000 GABRIEL TEODORO COBLINSKI HRYS02501603990021      22022016R$                  0000000005000N                                                                                              0          
3990023300022B   100007991671933                                                                                                                                                                                                                
3990024300023A000   39901748 0000000000000 GIULY BIANCATO DA SILVA       02501603990023      22022016R$                  0000000005000N                                                                                              0          
3990025300024B   100010316847941                                                                                                                                                                                                                
3990026300025A000   39901748 0000000000000 HELOIZA PAULINO AMHOF         02501603990025      22022016R$                  0000000005000N                                                                                              0          
3990027300026B   100011492576956                                                                                                                                                                                                                
3990028300027A000   39901913 0000000000000 JAIR LUIS MARTINS DOS SANTOS  02501603990027      22022016R$                  0000000005000N                                                                                              0          
3990029300028B   100011959408909                                                                                                                                                                                                                
3990030300029A000   39900026 0000000000000 JAQUELINE SALDANHA NOGUEIRA   02501603990029      22022016R$                  0000000005000N                                                                                              0          
3990031300030B   100012002916977                                                                                                                                                                                                                
3990032300031A000   39901913 0000000000000 JESSANA PINHEIRO DE ALMEIDA PE02501603990031      22022016R$                  0000000005000N                                                                                              0          
3990033300032B   100011968953922                                                                                                                                                                                                                
3990034300033A000   39901913 0000000000000 JESSE PEREIRA RITTA           02501603990033      22022016R$                  0000000005000N                                                                                              0          
3990035300034B   100010550027904                                                                                                                                                                                                                
3990036300035A000   39901748 0000000000000 JOABE JASSON LOPES TEODORO    02501603990035      22022016R$                  0000000005000N                                                                                              0          
3990037300036B   100010339158905                                                                                                                                                                                                                
3990038300037A000   39901748 0000000000000 JOAO PEDRO MURBACK WIEDMER    02501603990037      22022016R$                  0000000005000N                                                                                              0          
3990039300038B   100010410192970                                                                                                                                                                                                                
3990040300039A000   39901913 0000000000000 JOAO ROBERTO XAVIER CARVALHO  02501603990039      22022016R$                  0000000005000N                                                                                              0          
3990041300040B   100011961493993                                                                                                                                                                                                                
3990042300041A000   39900066 0000000000000 JULIA CHIQUETI                02501603990041      22022016R$                  0000000005000N                                                                                              0          
3990043300042B   100010129906999                                                                                                                                                                                                                
3990044300043A000   39900021 0000000000000 JULIA EDUARDA RIBEIRO AMARAL  02501603990043      22022016R$                  0000000005000N                                                                                              0          
3990045300044B   100007813645901                                                                                                                                                                                                                
3990046300045A000   39901748 0000000000000 LUCAS ANTONIO JORDAO          02501603990045      22022016R$                  0000000005000N                                                                                              0          
3990047300046B   100011004638957                                                                                                                                                                                                                
3990048300047A000   39901913 0000000000000 LUIS CLAUDIO DA LUZ GONCALVES 02501603990047      22022016R$                  0000000005000N                                                                                              0          
3990049300048B   100011524981931                                                                                                                                                                                                                
3990050300049A000   39901748 0000000000000 LUIZ AUGUSTO DEMBICKI FERNANDE02501603990049      22022016R$                  0000000005000N                                                                                              0          
3990051300050B   100009122914943                                                                                                                                                                                                                
3990052300051A000   39900021 0000000000000 MARIA CHRISTINA DE MAGALHAES  02501603990051      22022016R$                  0000000005000N                                                                                              0          
3990053300052B   100011840829958                                                                                                                                                                                                                
3990054300053A000   39901913 0000000000000 MARIA EDUARDA CORREA MATTOSO  02501603990053      22022016R$                  0000000005000N                                                                                              0          
3990055300054B   100010469787996                                                                                                                                                                                                                
3990056300055A000   39900021 0000000000000 NICOLE ANTONIA DE TOLEDO LAURI02501603990055      22022016R$                  0000000005000N                                                                                              0          
3990057300056B   100011012077950                                                                                                                                                                                                                
3990058300057A000   39901748 0000000000000 PAOLA GABRIELLI DE CASTRO     02501603990057      22022016R$                  0000000005000N                                                                                              0          
3990059300058B   100011238310923                                                                                                                                                                                                                
3990060300059A000   39900026 0000000000000 PATRICK FREY WALLES           02501603990059      22022016R$                  0000000005000N                                                                                              0          
3990061300060B   100010707793939                                                                                                                                                                                                                
3990062300061A000   39900021 0000000000000 PAULA MELISSA MARCAL ANDREATA 02501603990061      22022016R$                  0000000005000N                                                                                              0          
3990063300062B   100011773012967                                                                                                                                                                                                                
3990064300063A000   39900021 0000000000000 PRICILA CAROLAINE GALDINO TEIX02501603990063      22022016R$                  0000000005000N                                                                                              0          
3990065300064B   100001590838939                                                                                                                                                                                                                
3990066300065A000   39900021 0000000000000 TATIANA DA LUZ RIBEIRO MENEGUI02501603990065      22022016R$                  0000000005000N                                                                                              0          
3990067300066B   100009711494965                                                                                                                                                                                                                
3990068300067A000   39900066 0000000000000 WILLIAN RISSE DA CRUZ         02501603990067      22022016R$                  0000000005000N                                                                                              0          
3990069300068B   100008117745976                                                                                                                                                                                                                
39906465         000069   000000000175000                                                                                                                                                                                                       
39999999         000001000071                                                                                                                                                                                                                   
