39900000         276659820000151246107              00000 0000000000000 APC PIBIC                     HSBC BANK BRASIL S.A.                   10308201614302500000002001600CPGY2K SFW 10.10                                                     
39900011C2001020 276659820000151246107              00000 0000000000000 APC PIBIC                                                                                                                                   00000000                    
3990002300001A00070000104314 0000000270490 ALINNE FERNANDA BERTOLIN      003776701600010001    05082016R$                  0000000040000N                                                                                              0          
3990003300002B   100008898403933                                                                                                                                                                                                                
3990004300003A000   39900099 0000990145964 ANA BEATRIZ BRENNER AFFONSO DA003823901603990003    05082016R$                  0000000040000N                                                                                              0          
3990005300004B   100008301959983                                                                                                                                                                                                                
3990006300005A00070000104818 0000001322370 ANA CAROLINA MEINERZ          003772601600010005    05082016R$                  0000000040000N                                                                                              0          
3990007300006B   100001333835396                                                                                                                                                                                                                
3990008300007A00070000101518 0000000278424 ANDRE FELIPE PEREIRA DE SOUZA 003817201600010007    05082016R$                  0000000040000N                                                                                              0          
3990009300008B   100006451697907                                                                                                                                                                                                                
3990010300009A00070000104395 0000000107859 ANE LIS MAROCKI               003748101600010009    05082016R$                  0000000040000N                                                                                              0          
3990011300010B   100008379108973                                                                                                                                                                                                                
3990012300011A00070000104742 0000000024562 BARBARA OLSSON CUNHA          003765001600010011    05082016R$                  0000000040000N                                                                                              0          
3990013300012B   100009070381907                                                                                                                                                                                                                
3990014300013A00070003301270 0000010179187 BRUNA FERNANDA DE CASTRO      003797101600330013    05082016R$                  0000000040000N                                                                                              0          
3990015300014B   100008593411940                                                                                                                                                                                                                
3990016300015A00070000101458 0000000261238 CAROLINA BRAGLIA ALOISE BERTAZ003813101600010015    05082016R$                  0000000040000N                                                                                              0          
3990017300016B   100036439666878                                                                                                                                                                                                                
3990018300017A00070000103792 0000000420034 CATIA DE PAULA SANT´ANNA      003753701600010017    05082016R$                  0000000040000N                                                                                              0          
3990019300018B   100007677983928                                                                                                                                                                                                                
3990020300019A00070034102333 0000000137152 DAIANE MOCELIN SANTOS         003764201603410019    05082016R$                  0000000040000N                                                                                              0          
3990021300020B   100008398237970                                                                                                                                                                                                                
3990022300021A00070000101023 0000000570095 DANIEL RENAN DUARTE ALVES LIMA003800501600010021    05082016R$                  0000000040000N                                                                                              0          
3990023300022B   100099534924253                                                                                                                                                                                                                
3990024300023A00070000102920 0000000306568 DANIEL TAKECHI MINO OKADA     003782401600010023    05082016R$                  0000000040000N                                                                                              0          
3990025300024B   100007994377947                                                                                                                                                                                                                
3990026300025A00070000102926 0000000260266 DANIELE DE OLIVEIRA LAZZERES  003786601600010025    05082016R$                  0000000040000N                                                                                              0          
3990027300026B   100002102527077                                                                                                                                                                                                                
3990028300027A00070000103511 0000000245089 DANIELE ROSELI KLECHOWICZ     003809101600010027    05082016R$                  0000000040000N                                                                                              0          
3990029300028B   100009607476999                                                                                                                                                                                                                
3990030300029A00070000100982 0000000787191 EDEVALDO ANTONIO IACHINSKI    003749201600010029    05082016R$                  0000000040000N                                                                                              0          
3990031300030B   100005087533922                                                                                                                                                                                                                
3990032300031A00070000101243 0000000627607 EDILAINE CRISTINA DE CARVALHO 003751101600010031    05082016R$                  0000000040000N                                                                                              0          
3990033300032B   100065059379949                                                                                                                                                                                                                
3990034300033A00070034101325 0000000226015 GABRIELA MAIA DANIELSKI       003745601603410033    05082016R$                  0000000040000N                                                                                              0          
3990035300034B   100009952413920                                                                                                                                                                                                                
3990036300035A00070000103848 0000000263567 GABRIELE RUPPELL              003790301600010035    05082016R$                  0000000040000N                                                                                              0          
3990037300036B   100008759281960                                                                                                                                                                                                                
3990038300037A00070000101243 0000000581143 HANNAH KARLA GUEBUR FERREIRA  003820901600010037    05082016R$                  0000000040000N                                                                                              0          
3990039300038B   100008409408902                                                                                                                                                                                                                
3990040300039A00070000101432 0000000297909 HENLLYGER ESTEVAM DAVID       003794001600010039    05082016R$                  0000000040000N                                                                                              0          
3990041300040B   100008480860901                                                                                                                                                                                                                
3990042300041A00070000103511 0000000276863 ISABELLE ADAD FORNAZARI       003770901600010041    05082016R$                  0000000040000N                                                                                              0          
3990043300042B   100004884832981                                                                                                                                                                                                                
3990044300043A000   39901287 0012870121344 JESSICA ADRIANE PIANEZZOLA DA 003798501603990043    05082016R$                  0000000040000N                                                                                              0          
3990045300044B   100006795696936                                                                                                                                                                                                                
3990046300045A00070000104444 0000000075850 JULIA MARQUES FALLEIROS DE PAD003774601600010045    05082016R$                  0000000040000N                                                                                              0          
3990047300046B   100007981674913                                                                                                                                                                                                                
3990048300047A00070000102926 0000000298360 KARYNE FRANCIOSI PEREIRA      003788401600010047    05082016R$                  0000000040000N                                                                                              0          
3990049300048B   100009469696980                                                                                                                                                                                                                
3990050300049A00070000102823 0000000424137 LUCA WATANABE REOLON          003761801600010049    05082016R$                  0000000040000N                                                                                              0          
3990051300050B   100009024544980                                                                                                                                                                                                                
3990052300051A000   39901748 0017480258753 LUCIANA MACHADO JANUARIO      003757901603990051    05082016R$                  0000000040000N                                                                                              0          
3990053300052B   100001806285932                                                                                                                                                                                                                
3990054300053A00070000100756 0000000750964 MARCEL GOMES BORDIGNON        003778201600010053    05082016R$                  0000000040000N                                                                                              0          
3990055300054B   100004260351940                                                                                                                                                                                                                
3990056300055A00070000101534 0000000341894 MARIAM LETICIA MESSIAS        003762101600010055    05082016R$                  0000000040000N                                                                                              0          
3990057300056B   100008883014995                                                                                                                                                                                                                
3990058300057A00070000101869 0000000426695 MARIANA DE SOUSA WERNER       003779501600010057    05082016R$                  0000000040000N                                                                                              0          
3990059300058B   100008538955977                                                                                                                                                                                                                
3990060300059A00070000103051 0000000201901 NELMA TEREZINHA BOUARD        003757501600010059    05082016R$                  0000000040000N                                                                                              0          
3990061300060B   100000931895910                                                                                                                                                                                                                
3990062300061A00070034102947 0000000690018 NICOLAS OTAVIO FERREIRA TROLES003821001603410061    05082016R$                  0000000040000N                                                                                              0          
3990063300062B   100008416746982                                                                                                                                                                                                                
3990064300063A000   39900099 0000990180000 NICOLLE SAYURI FRANCA UYETAQUI003747801603990063    05082016R$                  0000000040000N                                                                                              0          
3990065300064B   100009141258932                                                                                                                                                                                                                
3990066300065A00070000100982 0000000762482 PABLO LUCAS CARPEJANI FARIAS D003755701600010065    05082016R$                  0000000040000N                                                                                              0          
3990067300066B   100006663046969                                                                                                                                                                                                                
3990068300067A00070000103007 0000000390380 PATRICIA DOS MARTYRES         003794901600010067    05082016R$                  0000000040000N                                                                                              0          
3990069300068B   100007605206909                                                                                                                                                                                                                
3990070300069A00070034103761 0000000201056 PRISCILA TOBLER MURR          003795001603410069    05082016R$                  0000000040000N                                                                                              0          
3990071300070B   100007646345938                                                                                                                                                                                                                
3990072300071A00070000104297 0000000177296 REBECA WRZESINSKI             003789201600010071    05082016R$                  0000000040000N                                                                                              0          
3990073300072B   100009368571961                                                                                                                                                                                                                
3990074300073A00070000101519 0000000545473 SANDRA MARA DE CARVALHO       003747001600010073    05082016R$                  0000000040000N                                                                                              0          
3990075300074B   100081641168900                                                                                                                                                                                                                
3990076300075A00070003302256 0000010079071 SHEILA OCRASKA                003829601600330075    05082016R$                  0000000040000N                                                                                              0          
3990077300076B   100007740331937                                                                                                                                                                                                                
3990078300077A00070000102823 0000000398012 THAIS MUNHOZ PEREIRA          003765601600010077    05082016R$                  0000000040000N                                                                                              0          
3990079300078B   100005374228978                                                                                                                                                                                                                
3990080300079A00070000103273 0000000156167 THAMIRES GABRIELLY DOS SANTOS 003806301600010079    05082016R$                  0000000040000N                                                                                              0          
3990081300080B   100010673697916                                                                                                                                                                                                                
3990082300081A00070000106992 0000000078794 VINICIUS HENRIQUE CAMARGO DA S003815901600010081    05082016R$                  0000000040000N                                                                                              0          
3990083300082B   100043574266855                                                                                                                                                                                                                
39906465         000083   000000001640000                                                                                                                                                                                                       
39999999         000001000085                                                                                                                                                                                                                   
